<record><leader>00000cas a22000007a 4500</leader><controlfield tag="001">20280340</controlfield><controlfield tag="008">890830d18971904moudn ne      0    0eng d</controlfield><datafield ind1=" " ind2=" " tag="010"><subfield code="a">sn 89066748 </subfield></datafield><datafield ind1=" " ind2=" " tag="040"><subfield code="a">MQN</subfield><subfield code="b">eng</subfield><subfield code="c">MQN</subfield><subfield code="d">OCLCQ</subfield></datafield><datafield ind1=" " ind2=" " tag="042"><subfield code="a">msc</subfield></datafield><datafield ind1="0" ind2=" " tag="130"><subfield code="a">St. Charles banner-news (Saint Charles, Mo. : Daily : 1897)</subfield></datafield><datafield ind1="1" ind2="0" tag="245"><subfield code="a">St. Charles banner-news.</subfield></datafield><datafield ind1="3" ind2="0" tag="246"><subfield code="a">Saint Charles banner-news</subfield></datafield><datafield ind1=" " ind2=" " tag="260"><subfield code="a">St. Charles, Mo. :</subfield><subfield code="b">Percy Alexander,</subfield><subfield code="c">-1904.</subfield></datafield><datafield ind1=" " ind2=" " tag="300"><subfield code="a">v.</subfield></datafield><datafield ind1=" " ind2=" " tag="310"><subfield code="a">Daily (except Sun.)</subfield></datafield><datafield ind1="1" ind2=" " tag="362"><subfield code="a">Began in 1897?</subfield></datafield><datafield ind1="0" ind2=" " tag="362"><subfield code="a">-v. 15, no. 173 (Oct. 22, 1904).</subfield></datafield><datafield ind1=" " ind2=" " tag="588"><subfield code="a">Description based on: Vol. 8, no. 268 (Jan. 24, 1903).</subfield></datafield><datafield ind1=" " ind2=" " tag="752"><subfield code="a">United States</subfield><subfield code="b">Missouri</subfield><subfield code="c">Saint Charles</subfield><subfield code="d">Saint Charles.</subfield></datafield><datafield ind1="0" ind2=" " tag="775"><subfield code="t">St. Charles banner-news (Saint Charles, Mo. : Weekly)</subfield><subfield code="w">(DLC)sn 89066744</subfield></datafield><datafield ind1="0" ind2="4" tag="780"><subfield code="t">St. Charles evening banner</subfield><subfield code="w">(DLC)sn 89066746</subfield></datafield><datafield ind1="0" ind2="4" tag="780"><subfield code="t">St. Charles daily news</subfield><subfield code="w">(DLC)sn 89066747</subfield></datafield><datafield ind1="0" ind2="0" tag="785"><subfield code="t">St. Charles daily banner-news (Saint Charles, Mo. : 1904)</subfield><subfield code="w">(DLC)sn 86063668</subfield></datafield></record>